@article{bubeck2016testing,
  title={Testing for high-dimensional geometry in random graphs},
  author={Bubeck, S{\'e}bastien and Ding, Jian and Eldan, Ronen and R{\'a}cz, Mikl{\'o}s Z},
  journal={Random Structures \& Algorithms},
  volume={49},
  number={3},
  pages={503--532},
  year={2016},
  publisher={Wiley Online Library}
}
@book{folland1999real,
  title={Real analysis: modern techniques and their applications},
  author={Folland, Gerald B},
  volume={40},
  year={1999},
  publisher={John Wiley \& Sons}
}
@article{gade2010non,
  title={A non-singular horizontal position representation},
  author={Gade, Kenneth},
  journal={The journal of navigation},
  volume={63},
  number={3},
  pages={395--417},
  year={2010},
  publisher={Cambridge University Press}
}
@article{lawson1971codimension,
  title={Codimension-one foliations of spheres},
  author={Lawson Jr, H Blaine},
  journal={Annals of Mathematics},
  pages={494--503},
  year={1971},
  publisher={JSTOR}
}
@article{lee2014concise,
  title={Concise formulas for the surface area of the intersection of two hyperspherical caps},
  author={Lee, Yongjae and Kim, Woo Chang},
  journal={KAIST Technical Report},
  year={2014}
}
@article{li2011hyper,
author = {S, Li},
year = {2011},
month = {01},
pages = {},
title = {Concise Formulas for the Area and Volume of a Hyperspherical Cap},
volume = {4},
journal = {Asian Journal of Mathematics & Statistics},
doi = {10.3923/ajms.2011.66.70}
}
@misc{Naverniouk2006,
  author = {Naverniouk, Igor and Sutskever, Ilya and Hatami, Hamed},
  title = {CSC2414: Metric Embeddings, Lecture 5: Dimension Reduction},
  year = {2006},
  note = {\url{http://www.cs.toronto.edu/~avner/teaching/S6-2414/LN5.pdf}},
  publisher={University of Toronto}
}
@book{pollard_2001,
    place={Cambridge}, 
    series={Cambridge Series in Statistical and Probabilistic Mathematics}, 
    title={A User's Guide to Measure Theoretic Probability}, DOI={10.1017/CBO9780511811555}, 
    publisher={Cambridge University Press}, 
    author={Pollard, David}, 
    year={2001}, 
    collection={Cambridge Series in Statistical and Probabilistic Mathematics}
}
@article{sodin2005tail,
  title={Tail-sensitive Gaussian asymptotics for marginals of concentrated measures in high dimension},
  author={Sodin, Sasha},
  journal={arXiv preprint math/0501382},
  year={2005}
}
